@inproceedings{automl-zero,
  title={Automl-zero: Evolving machine learning algorithms from scratch},
  author={Real, Esteban and Liang, Chen and So, David and Le, Quoc},
  booktitle={International conference on machine learning},
  pages={8007--8019},
  year={2020},
  organization={PMLR}
}
@article{autobert,
  author       = {Jiahui Gao and
                  Hang Xu and
                  Han Shi and
                  Xiaozhe Ren and
                  Philip L. H. Yu and
                  Xiaodan Liang and
                  Xin Jiang and
                  Zhenguo Li},
  title        = {AutoBERT-Zero: Evolving {BERT} Backbone from Scratch},
  journal      = {CoRR},
  volume       = {abs/2107.07445},
  year         = {2021},
  url          = {https://arxiv.org/abs/2107.07445},
  eprinttype    = {arXiv},
  eprint       = {2107.07445},
  timestamp    = {Wed, 01 Sep 2021 12:22:22 +0200},
  biburl       = {https://dblp.org/rec/journals/corr/abs-2107-07445.bib},
  bibsource    = {dblp computer science bibliography, https://dblp.org}
}
@inproceedings{automl4robots,
  title={Discovering adaptable symbolic algorithms from scratch},
  author={Kelly, Stephen and Park, Daniel S and Song, Xingyou and McIntire, Mitchell and Nashikkar, Pranav and Guha, Ritam and Banzhaf, Wolfgang and Deb, Kalyanmoy and Boddeti, Vishnu Naresh and Tan, Jie and others},
  booktitle={2023 IEEE/RSJ International Conference on Intelligent Robots and Systems (IROS)},
  pages={3889--3896},
  year={2023},
  organization={IEEE}
}